@article{lattice-of-flows-cuts,
    author = {Bacher, Roland and de La Harpe, Pierre and Nagnibeda, Tatiana},
    journal = {Bulletin de la Société Mathématique de France},
    keywords = {integral flows; integral lattice; Jacobians},
    language = {eng},
    number = {2},
    pages = {167-198},
    publisher = {Société mathématique de France},
    title = {The lattice of integral flows and the lattice of integral cuts on a finite graph},
    url = {http://eudml.org/doc/87761},
    volume = {125},
    year = {1997},
}
@article{lattice-of-flows-regular-matroid,
	title = {The lattice of integer flows of a regular matroid},
	journal = {Journal of Combinatorial Theory, Series B},
	volume = {100},
	number = {6},
	pages = {691-703},
	year = {2010},
	issn = {0095-8956},
	doi = {https://doi.org/10.1016/j.jctb.2010.07.003},
	url = {https://www.sciencedirect.com/science/article/pii/S0095895610000742},
	author = {Yi Su and David G. Wagner},
	keywords = {Regular matroid, Integral lattice, Isometry, Reconstruction},
}
@article{torelli-for-graphs-tropical-curves,
	author = {Lucia Caporaso and Filippo Viviani},
	title = {{Torelli theorem for graphs and tropical curves}},
	volume = {153},
	journal = {Duke Mathematical Journal},
	number = {1},
	publisher = {Duke University Press},
	pages = {129 -- 171},
	year = {2010},
	doi = {10.1215/00127094-2010-022},
	URL = {https://doi.org/10.1215/00127094-2010-022}
}
@article{2-isomorphic-graphs,
	ISSN = {00029327, 10806377},
	URL = {http://www.jstor.org/stable/2371127},
	author = {Hassler Whitney},
	journal = {American Journal of Mathematics},
	number = {1},
	pages = {245--254},
	publisher = {Johns Hopkins University Press},
	title = {2-Isomorphic Graphs},
	urldate = {2023-03-21},
	volume = {55},
	year = {1933}
}
@article{lattices-graphs-mutation,
	author = {Greene, Joshua},
	year = {2011},
	month = {03},
	pages = {},
	title = {Lattices, graphs, and Conway mutation},
	volume = {192},
	journal = {Inventiones Mathematicae},
	doi = {10.1007/s00222-012-0421-4}
}
